%% This is a collection of stubs of the most frequently used bibtex entries
%% with the required fields. Please refer to BibTeX/BibLaTeX docs for
%% additional details.
%% http://biblatex-biber.sourceforge.net/

%% An article from a journal or magazine.
@article{Test, 
  author    = "Auteur",
  title     = "Title",
  journal   = "Test",
  year      = 2025 
}
    
%% An online resource (BibLaTeX only)
@misc{RStudio,
  author    = {RStudio Team},
  title     = {RStudio},
  year      = {2015},
  version   = {2022.07.02},
  url       = {http://www.rstudio.com/},
  note      = {Integrated Development Environment for R. RStudio, PBC, Boston, MA}
}

   
